% This is an example file it is used to show the formatting and you can use it
% directly to organise your bibliography. But probably you will be using some
% GUI to manage them.

@article{steinegger2017mmseqs2,
  title={{MM}seqs2 enables sensitive protein sequence searching for the analysis of massive data sets},
  author={Steinegger, Martin and S{\"o}ding, Johannes},
  journal={Nature biotechnology},
  volume={35},
  number={11},
  pages={1026--1028},
  year={2017},
  publisher={Nature Publishing Group US New York}
}
@phdthesis{hauser2014mmseqs,
  title={{MM}seqs: ultra fast and sensitive clustering and search of large protein sequence databases},
  author={Hauser, Maria},
  year={2014},
  school={lmu}
}
@article{buchfink2015fast,
  title={Fast and sensitive protein alignment using {DIAMOND}},
  author={Buchfink, Benjamin and Xie, Chao and Huson, Daniel H},
  journal={Nature methods},
  volume={12},
  number={1},
  pages={59--60},
  year={2015},
  publisher={Nature Publishing Group US New York}
}
@article{finn2011hmmer,
  title={{HMMER} web server: interactive sequence similarity searching},
  author={Finn, Robert D and Clements, Jody and Eddy, Sean R},
  journal={Nucleic acids research},
  volume={39},
  number={suppl\_2},
  pages={W29--W37},
  year={2011},
  publisher={Oxford University Press}
}
@article{vouzis2011gpu,
  title={{GPU-BLAST}: using graphics processors to accelerate protein sequence alignment},
  author={Vouzis, Panagiotis D and Sahinidis, Nikolaos V},
  journal={Bioinformatics},
  volume={27},
  number={2},
  pages={182--188},
  year={2011},
  publisher={Oxford University Press}
}
@article{guo2012systolic,
  title={A systolic array-based {FPGA} parallel architecture for the {BLAST} algorithm},
  author={Guo, Xinyu and Wang, Hong and Devabhaktuni, Vijay},
  journal={International Scholarly Research Notices},
  volume={2012},
  year={2012},
  publisher={Hindawi}
}
@article{cohen1997recursive,
  title={Recursive hashing functions for n-grams},
  author={Cohen, Jonathan D},
  journal={ACM Transactions on Information Systems (TOIS)},
  volume={15},
  number={3},
  pages={291--320},
  year={1997},
  publisher={ACM New York, NY, USA}
}
@article{shih2012identifying,
  title={Identifying functional modules in interaction networks through overlapping {M}arkov clustering},
  author={Shih, Yu-Keng and Parthasarathy, Srinivasan},
  journal={Bioinformatics},
  volume={28},
  number={18},
  pages={i473--i479},
  year={2012},
  publisher={Oxford University Press}
}
@article{rahiminejad2019topological,
  title={Topological and functional comparison of community detection algorithms in biological networks},
  author={Rahiminejad, Sara and Maurya, Mano R and Subramaniam, Shankar},
  journal={BMC bioinformatics},
  volume={20},
  number={1},
  pages={1--25},
  year={2019},
  publisher={BioMed Central}
}
@inproceedings{ester1996density,
  title={A density-based algorithm for discovering clusters in large spatial databases with noise},
  author={Ester, Martin and Kriegel, Hans-Peter and Sander, J{\"o}rg and Xu, Xiaowei and others},
  booktitle={kdd},
  volume={96},
  number={34},
  pages={226--231},
  year={1996}
}
@article{karim2021deep,
  title={Deep learning-based clustering approaches for bioinformatics},
  author={Karim, Md Rezaul and Beyan, Oya and Zappa, Achille and Costa, Ivan G and Rebholz-Schuhmann, Dietrich and Cochez, Michael and Decker, Stefan},
  journal={Briefings in bioinformatics},
  volume={22},
  number={1},
  pages={393--415},
  year={2021},
  publisher={Oxford University Press}
}
@article{lafond2017new,
  title={A new method for decontamination of de novo transcriptomes using a hierarchical clustering algorithm},
  author={Lafond-Lapalme, Jo{\"e}l and Duceppe, Marc-Olivier and Wang, Shengrui and Moffett, Peter and Mimee, Benjamin},
  journal={Bioinformatics},
  volume={33},
  number={9},
  pages={1293--1300},
  year={2017},
  publisher={Oxford University Press}
}
@inproceedings{hussain2011fpga,
  title={{FPGA} implementation of k-means algorithm for bioinformatics application: An accelerated approach to clustering microarray data},
  author={Hussain, Hanaa M and Benkrid, Khaled and Seker, Huseyin and Erdogan, Ahmet T},
  booktitle={2011 NASA/ESA Conference on Adaptive Hardware and Systems (AHS)},
  pages={248--255},
  year={2011},
  organization={IEEE}
}
@misc{gttl,
  title={GenomeTools Template Library, 
  \url{https://github.com/stefan-kurtz/gttl}},
  author={Kurtz, Stefan},
  year={2021},
  organization={University of Hamburg}
}

@MISC{gsa,
  author = {Kurtz, Stefan},
  title = {{Foundations of Sequence Analysis, Lecture Notes on a course held in 2021, University of Hamburg}},
  year = {2021},
}

@MISC{pfn,
  author = {Kurtz, Stefan},
  title = {{Programming for Natural Sciences, Lecture Notes on a course held in 2021, University of Hamburg}},
  year = {2021},
}

@MISC{dmsv,
  author = {Timo, Gerkmann},
  title = {{Digital Media Signal Processing, Lecture Notes on a course held in 2022, University of Hamburg}},
  year = {2021},
}

@article{BUC:REU:DRO:2021,
 author = {Buchfink, Benjamin and Reuter, Klaus and Drost, Hajk-Georg},
 journal = {Nature methods},
 number = {4},
 pages = {366--368},
 publisher = {Nature Publishing Group},
 title = {Sensitive protein alignments at tree-of-life scale using {DIAMOND}},
 volume = {18},
 year = {2021}
}

@article{Farrar:2007hs,
	Author = {Farrar, Michael},
	Journal = {Bioinformatics},
	Pages = {156-61},
	Title = {{Striped Smith-Waterman speeds database searches six times over other SIMD implementations}},
	Volume = {23},
	Year = {2007}}

@article{ZHA:LEE:GAR:MAR:2013,
  title = {{SSW} library: an {SIMD} {Smith-Waterman} {C/C++} library for use in genomic applications},
  author = {Zhao, Mengyao and Lee, Wan-Ping and Garrison, Erik P and Marth, Gabor T},
  journal = {{PLoS} one},
  volume = {8},
  number = {12},
  pages = {e82138},
  year = {2013},
  publisher = {Public Library of Science}
}

@article{edgar2010search,
  title={Search and clustering orders of magnitude faster than BLAST},
  author={Edgar, Robert C},
  journal={Bioinformatics},
  volume={26},
  number={19},
  pages={2460--2461},
  year={2010},
  publisher={Oxford University Press}
}

@article{zhao2012rapsearch2,
  title={RAPSearch2: a fast and memory-efficient protein similarity search tool for next-generation sequencing data},
  author={Zhao, Yongan and Tang, Haixu and Ye, Yuzhen},
  journal={Bioinformatics},
  volume={28},
  number={1},
  pages={125--126},
  year={2012},
  publisher={Oxford University Press}
}

@book{land2010automatic,
  title={An automatic method for solving discrete programming problems},
  author={Land, Ailsa H and Doig, Alison G},
  year={2010},
  publisher={Springer}
}
